@article{holzapfel2012selective,
  title={Selective sampling for beat tracking evaluation},
  author={Holzapfel, Andre and Davies, Matthew EP and Zapata, Jos{\'e} R and Oliveira, Jo{\~a}o Lobato and Gouyon, Fabien},
  journal={Audio, Speech, and Language Processing, IEEE Transactions on},
  volume={20},
  number={9},
  pages={2539--2548},
  year={2012},
  publisher={IEEE}
}

@inproceedings{humphrey2015fourtimely,
  author    = {Eric J. Humphrey and
               Juan Pablo Bello},
  title     = {Four Timely Insights on Automatic Chord Estimation},
  booktitle = {Proceedings of the 16th International Society for Music Information
               Retrieval Conference, {ISMIR} 2015, M{\'{a}}laga, Spain, October
               26-30, 2015},
  pages     = {673--679},
  year      = {2015},
  url       = {http://ismir2015.uma.es/articles/294_Paper.pdf},
  timestamp = {Thu, 05 Nov 2015 12:42:24 +0100},
  biburl    = {http://dblp.uni-trier.de/rec/bib/conf/ismir/HumphreyB15},
  bibsource = {dblp computer science bibliography, http://dblp.org}
}

@phdthesis{nieto2015discovering,
  title={Discovering structure in music: Automatic approaches and perceptual evaluations},
  author={Nieto, Oriol},
  year={2015},
  school={New York University}
}


@inproceedings{raimond2008web,
  title={A Web of Musical Information.},
  author={Raimond, Yves and Sandler, Mark B},
  booktitle={ISMIR},
  pages={263--268},
  year={2008}
}

@inproceedings{bertin2011million,
  title={The million song dataset},
  author={Bertin-Mahieux, Thierry and Ellis, Daniel PW and Whitman, Brian and Lamere, Paul},
  booktitle={ISMIR 2011: Proceedings of the 12th International Society for Music Information Retrieval Conference, October 24-28, 2011, Miami, Florida},
  pages={591--596},
  year={2011},
}

@inproceedings{burgoyne2011expert,
  title={An Expert Ground Truth Set for Audio Chord Recognition and Music Analysis.},
  author={Burgoyne, John Ashley and Wild, Jonathan and Fujinaga, Ichiro},
  booktitle={ISMIR 2011: Proceedings of the 12th International Society for Music Information Retrieval Conference, October 24-28, 2011, Miami, Florida},
  year={2011}
}

@article{downie2008music,
  title={The music information retrieval evaluation exchange (2005-2007): A window into music information retrieval research},
  author={Downie, J Stephen},
  journal={Acoustical Science and Technology},
  volume={29},
  number={4},
  pages={247--255},
  year={2008},
  publisher={Acoustical Society of Japan}
}

@incollection{downie2010music,
  title={The music information retrieval evaluation exchange: Some observations and insights},
  author={Downie, J Stephen and Ehmann, Andreas F and Bay, Mert and Jones, M Cameron},
  booktitle={Advances in music information retrieval},
  pages={93--115},
  year={2010},
  publisher={Springer}
}

@article{raffel2014mir_eval,
  title={mir\_eval: A transparent implementation of common MIR metrics},
  author={Raffel, Colin and McFee, Brian and Humphrey, Eric J and Salamon, Justin and Nieto, Oriol and Liang, Dawen and Ellis, Daniel PW and Raffel, C Colin},
  year={2014},
  booktitle={International Society for Music Information Retrieval Conference},
  series={ISMIR}
}
